ISA*00*          *00*          *ZZ*PAYER_ID       *ZZ*PROVIDER_ID    *230301*0800*^*00501*000000099*0*P*:GS*HP*PAYER_ID*PROVIDER_ID*20230301*0800*99*X*005010X221A1ST*835*0099*005010X221A1BPR*I*5000.00*C*ACH*CTX*01*999999999*DA*1234567890*1111111111**01*222222222*DA*3333333333*20230301TRN*1*TRC600000001*1111111111DTM*405*20230301N1*PR*MAN1*PE*PROVIDER GROUP*XX*1234567890CLP*600001*1*436.32*436.32*0NM1*QC*1*JOHNSON*MARYSVC*HC:99213*218.16*218.16DTM*472*20230201SVC*HC:80053*218.16*218.16DTM*472*20230201CLP*600002*1*518.0*518.0*0NM1*QC*1*WILLIAMS*ROBERTSVC*HC:99214*259.0*259.0DTM*472*20230201SVC*HC:97110*259.0*259.0DTM*472*20230201CLP*600003*1*251.6*251.6*0NM1*QC*1*BROWN*PATRICIASVC*HC:99213*125.8*125.8DTM*472*20230201SVC*HC:36415*125.8*125.8DTM*472*20230201CLP*600004*1*727.2*727.2*0NM1*QC*1*JONES*JAMESSVC*HC:99215*363.6*363.6DTM*472*20230201SVC*HC:93010*363.6*363.6DTM*472*20230201CLP*600005*1*199.98*199.98*0NM1*QC*1*GARCIA*LINDASVC*HC:99213*99.99*99.99DTM*472*20230201SVC*HC:80048*99.99*99.99DTM*472*20230201CLP*600006*1*567.92*567.92*0NM1*QC*1*MILLER*BARBARASVC*HC:99214*283.96*283.96DTM*472*20230201SVC*HC:94010*283.96*283.96DTM*472*20230201CLP*600007*1*943.5*943.5*0NM1*QC*1*DAVIS*MICHAELSVC*HC:99215*471.75*471.75DTM*472*20230201SVC*HC:93306*471.75*471.75DTM*472*20230201CLP*600008*1*251.6*251.6*0NM1*QC*1*RODRIGUEZ*WILLIAMSVC*HC:99213*125.8*125.8DTM*472*20230201SVC*HC:36415*125.8*125.8DTM*472*20230201CLP*600009*1*259.0*259.0*0NM1*QC*1*MARTINEZ*ELIZABETHSVC*HC:99213*129.5*129.5DTM*472*20230201SVC*HC:80048*129.5*129.5DTM*472*20230201CLP*600010*1*181.8*181.8*0NM1*QC*1*HERNANDEZ*DAVIDSVC*HC:99213*90.9*90.9DTM*472*20230201SVC*HC:36415*90.9*90.9DTM*472*20230201CLP*600011*1*421.2*421.2*0NM1*QC*1*LOPEZ*JENNIFERSVC*HC:99214*210.6*210.6DTM*472*20230201SVC*HC:94010*210.6*210.6DTM*472*20230201CLP*600012*1*621.6*621.6*0NM1*QC*1*GONZALEZ*CHARLESSVC*HC:99214*310.8*310.8DTM*472*20230201SVC*HC:93010*310.8*310.8DTM*472*20230201CLP*600013*4*503.2*0*0CAS*CO*197*503.2NM1*QC*1*WILSON*KARENSVC*HC:99214*251.6*0DTM*472*20230201CAS*CO*197*251.6SVC*HC:93010*251.6*0DTM*472*20230201CAS*CO*197*251.6CLP*600014*4*503.2*0*0CAS*CO*11*503.2NM1*QC*1*ANDERSON*NANCYSVC*HC:99214*251.6*0DTM*472*20230201CAS*CO*11*251.6SVC*HC:97110*251.6*0DTM*472*20230201CAS*CO*11*251.6CLP*600015*4*855.0*0*0CAS*CO*4*855.0NM1*QC*1*THOMAS*BETTYSVC*HC:99215*427.5*0DTM*472*20230201CAS*CO*4*427.5SVC*HC:97140*427.5*0DTM*472*20230201CAS*CO*4*427.5CLP*600016*4*402.56*0*0CAS*CO*50*402.56NM1*QC*1*TAYLOR*STEVENSVC*HC:99213*201.28*0DTM*472*20230201CAS*CO*50*201.28SVC*HC:80053*201.28*0DTM*472*20230201CAS*CO*50*201.28CLP*600017*4*219.84*0*0CAS*CO*18*219.84NM1*QC*1*JOHNSON*MARYSVC*HC:99213*109.92*0DTM*472*20230201CAS*CO*18*109.92SVC*HC:36415*109.92*0DTM*472*20230201CAS*CO*18*109.92CLP*600018*4*189.6*0*0CAS*CO*16*189.6NM1*QC*1*JACKSON*KENNETHSVC*HC:S5135*189.6*0DTM*472*20230201CAS*CO*16*189.6CLP*600019*4*363.6*0*0CAS*CO*167*363.6NM1*QC*1*MARTIN*KIMBERLYSVC*HC:99214*181.8*0DTM*472*20230201CAS*CO*167*181.8SVC*HC:97110*181.8*0DTM*472*20230201CAS*CO*167*181.8CLP*600020*4*645.2*0*0CAS*CO*96*645.2NM1*QC*1*LEE*DONALDSVC*HC:H2015*322.6*0DTM*472*20230201CAS*CO*96*322.6SVC*HC:T1019*322.6*0DTM*472*20230201CAS*CO*96*322.6SE*150*0099GE*1*99IEA*1*000000099