ISA*00*          *00*          *ZZ*PAYER_ID       *ZZ*PROVIDER_ID    *230315*0800*^*00501*000000097*0*P*:~
GS*HP*PAYER_ID*PROVIDER_ID*20230315*0800*97*X*005010X221A1~
ST*835*0097*005010X221A1~
BPR*I*3863.16*C*ACH*CTX*01*999999999*DA*1234567890*1111111111**01*222222222*DA*3333333333*20230315~
TRN*1*TRC600000002*1111111111~
DTM*405*20230315~
N1*PR*MA~
N1*PE*PROVIDER GROUP*XX*A344957000~
CLP*600013*1*503.2*503.2*0~
NM1*QC*1*WILSON*KAREN~
SVC*HC:99214*251.6*251.6~
DTM*472*20230115~
SVC*HC:93010*251.6*251.6~
DTM*472*20230115~
CLP*600014*1*503.2*503.2*0~
NM1*QC*1*ANDERSON*NANCY~
SVC*HC:99214*251.6*251.6~
DTM*472*20230115~
SVC*HC:97110*251.6*251.6~
DTM*472*20230115~
CLP*600015*1*855.0*855.0*0~
NM1*QC*1*THOMAS*BETTY~
SVC*HC:99215:25*427.5*427.5~
DTM*472*20230115~
SVC*HC:97140:59*427.5*427.5~
DTM*472*20230115~
CLP*600016*1*402.56*402.56*0~
NM1*QC*1*TAYLOR*STEVEN~
SVC*HC:99213*201.28*201.28~
DTM*472*20230115~
SVC*HC:80053*201.28*201.28~
DTM*472*20230115~
CLP*600017*1*219.84*219.84*0~
NM1*QC*1*JOHNSON*MARY~
SVC*HC:99213*109.92*109.92~
DTM*472*20230115~
SVC*HC:36415*109.92*109.92~
DTM*472*20230115~
CLP*600018*1*189.6*189.6*0~
NM1*QC*1*JACKSON*KENNETH~
SVC*HC:S5135:UC*189.6*189.6~
DTM*472*20230115~
CLP*600019*1*363.6*363.6*0~
NM1*QC*1*MARTIN*KIMBERLY~
SVC*HC:99214*181.8*181.8~
DTM*472*20230115~
SVC*HC:97110*181.8*181.8~
DTM*472*20230115~
CLP*600020*1*645.2*645.2*0~
NM1*QC*1*LEE*DONALD~
SVC*HC:H2015:U3*322.6*322.6~
DTM*472*20230115~
SVC*HC:T1019*322.6*322.6~
DTM*472*20230115~
SE*60*0097~
GE*1*97~
IEA*1*000000097~
